<?xml version="1.0" encoding="UTF-8"?><collection xmlns="http://www.loc.gov/MARC21/slim"><record><leader>00478nam--2200157-i-4500</leader><controlfield tag="001">000032267</controlfield><controlfield tag="002">20161230</controlfield><controlfield tag="005">20161230201039</controlfield><controlfield tag="008">060222s1000------------r-----000-0-eng-d</controlfield><datafield ind1=" " ind2=" " tag="080"><subfield code="a">519.4/5</subfield></datafield><datafield ind1=" " ind2=" " tag="100"><subfield code="a">Mazurkiewicz, Stefan</subfield></datafield><datafield ind1=" " ind2=" " tag="245"><subfield code="a">Travaux de topologie et ses applications</subfield></datafield><datafield ind1=" " ind2=" " tag="260"><subfield code="a">Warszawa, Editions Scientifiques De Pologne, 1969, 380p</subfield></datafield><datafield ind1=" " ind2=" " tag="490"><subfield code="a">Inst.Mathematique De L`Academie Polonaise Des Sciences</subfield></datafield><datafield ind1=" " ind2=" " tag="852"><subfield code="a">32216</subfield><subfield code="c">513.83</subfield></datafield><datafield ind1=" " ind2=" " tag="CAT"><subfield code="a">Sys</subfield><subfield code="c">20080604</subfield><subfield code="h">121706</subfield></datafield></record></collection>